<?xml version="1.0" encoding="UTF-8"?>
<collection xmlns:xsi="http://www.w3.org/2001/XMLSchema-instance" xsi:schemaLocation="http://www.loc.gov/MARC21/slim http://www.loc.gov/standards/marcxml/schema/MARC21slim.xsd" xmlns="http://www.loc.gov/MARC21/slim">
<record>
  <leader>00963cam a2200253 a 4500</leader>
  <controlfield tag="001">2871363</controlfield>
  <controlfield tag="003">NNC</controlfield>
  <controlfield tag="005">20151019143138.0</controlfield>
  <controlfield tag="008">960514s1935    ua            000 0 ara d</controlfield>
  <datafield tag="035" ind1=" " ind2=" ">
    <subfield code="a">(OCoLC)ocm34727813</subfield>
  </datafield>
  <datafield tag="035" ind1=" " ind2=" ">
    <subfield code="9">ASA5946CU</subfield>
  </datafield>
  <datafield tag="035" ind1=" " ind2=" ">
    <subfield code="a">(NNC)2871363</subfield>
  </datafield>
  <datafield tag="040" ind1=" " ind2=" ">
    <subfield code="a">UUM</subfield>
    <subfield code="c">UUM</subfield>
    <subfield code="d">ZCU</subfield>
  </datafield>
  <datafield tag="090" ind1=" " ind2=" ">
    <subfield code="a">BP75</subfield>
    <subfield code="b">.T3</subfield>
  </datafield>
  <datafield tag="100" ind1="1" ind2=" ">
    <subfield code="a">Ṭabarī, Muḥibb al-Dīn Aḥmad ibn ʻAbd Allāh,</subfield>
    <subfield code="d">1218-1295.</subfield>
  </datafield>
  <datafield tag="240" ind1="1" ind2="0">
    <subfield code="a">Qirá li-qāṣid Umm al-Qurá.</subfield>
    <subfield code="k">Selections</subfield>
  </datafield>
  <datafield tag="245" ind1="1" ind2="0">
    <subfield code="a">Ḥijjat al-Muṣṭafá /</subfield>
    <subfield code="c">li-Muḥibb al-Dīn al-Ṭabarī ; ʻuniyá bi-al-taʻlīq ʻalayhi Raḍwān Muḥammad Raḍwān.</subfield>
  </datafield>
  <datafield tag="250" ind1=" " ind2=" ">
    <subfield code="a">al-Ṭabʻah 1.</subfield>
  </datafield>
  <datafield tag="260" ind1=" " ind2=" ">
    <subfield code="a">Miṣr :</subfield>
    <subfield code="b">yuṭlabu min al-Maktabah al-Tijārīyah al-Kubrá,</subfield>
    <subfield code="c">1354 [1935]</subfield>
  </datafield>
  <datafield tag="300" ind1=" " ind2=" ">
    <subfield code="a">76 p. ;</subfield>
    <subfield code="c">20 cm.</subfield>
  </datafield>
  <datafield tag="650" ind1=" " ind2="0">
    <subfield code="a">Muslim pilgrims and pilgrimages</subfield>
    <subfield code="z">Saudi Arabia</subfield>
    <subfield code="z">Mecca.</subfield>
  </datafield>
  <datafield tag="600" ind1="0" ind2="0">
    <subfield code="a">Muḥammad,</subfield>
    <subfield code="c">Prophet,</subfield>
    <subfield code="d">-632</subfield>
    <subfield code="x">Farewell pilgrimage.</subfield>
  </datafield>
  <datafield tag="700" ind1="1" ind2=" ">
    <subfield code="a">Raḍwān, Raḍwān Muḥammad.</subfield>
  </datafield>
  <datafield tag="955" ind1=" " ind2=" ">
    <subfield code="b">0036763446</subfield>
    <subfield code="d">glx</subfield>
    <subfield code="e">BP75 .T3</subfield>
  </datafield>
</record>
</collection>